@article{graphsage,
  title={Inductive representation learning on large graphs},
  author={Hamilton, Will and Ying, Zhitao and Leskovec, Jure},
  journal={Advances in neural information processing systems},
  volume={30},
  year={2017}
}

@article{liu2017longitudinal,
  title={Longitudinal test-retest neuroimaging data from healthy young adults in southwest China},
  author={Liu, Wei and Wei, Dongtao and Chen, Qunlin and Yang, Wenjing and Meng, Jie and Wu, Guorong and Bi, Taiyong and Zhang, Qinglin and Zuo, Xi-Nian and Qiu, Jiang},
  journal={Scientific data},
  volume={4},
  number={1},
  pages={1--9},
  year={2017},
  publisher={Nature Publishing Group}
}
